@misc{WEBSITE:1,
	author = {{Wikipedia}},
	title = {Vatio-hora - Wikipedia, la enciclopedia libre},
	url = {https://es.wikipedia.org/wiki/Vatio-hora},
	note = {Visitado el 2020-07-02},
	year = {2020}
}

@misc{WEBSITE:2,
	author = {{Wikipedia}},
	title = {Electricity meter - Wikipedia},
	url = {https://en.wikipedia.org/wiki/Electricity_meter},
	note = {Visitado el 2020-07-011},
	year = {2020}
}

@book{BOOK:1,
	title={Smart Meters and Smart Energy Networks for Dwellings},
	author={Mike Perry, BRE},
	isbn={1848062397},
	url={https://www.amazon.es/Smart-Meters-Energy-Networks-Dwellings/dp/1848062397},
	year={2012},
	publisher={IHS BRE Press}
}

@misc{WEBSITE:3,
	author = {{Wikipedia}},
	title = {Current clamp - Wikipedia},
	url = {https://en.wikipedia.org/wiki/Current_clamp},
	note = {Visitado el 2020-07-011},
	year = {2020}
}

@Article{ARTICLE:1,
	author = {{Manisha V Shinde ; Pradip W Kulkarni}},
	title = {Camera click energy meter reading system},
	journal = {IEEE},
	isbn = {978-1-4799-6272-3},
	year = {2015},
}

@misc{WEBSITE:4,
	author = {{François GUILLIER's blog RSS Feed}},
	title = {Electricity meter},
	url = {www.guillier.org/blog/2014/08/electricity-meter/},
	note = {Visitado el 2020-07-010},
	year = {2020}
}

@misc{WEBSITE:5,
	author = {{OpenEnergyMonitor}},
	title = {Learn | OpenEnergyMonitor},
	url = {https://learn.openenergymonitor.org/electricity-monitoring/pulse-counting/introduction-to-pulse-counting},
	note = {Visitado el 2020-07-06},
	year = {2020}
}

@misc{WEBSITE:6,
	author = {{SyxthSense}},
	title = {Wireless Pulse Counter for Metering (PA-FL)},
	url = {www.syxthsense.com/wireless/pa-fl/wireless-pulse-counter-for-metering//pulse-counting/introduction-to-pulse-counting},
	note = {Visitado el 2020-07-14},
	year = {2020}
}

@misc{WEBSITE:7,
	author = {{ElkoEP}},
	title = {Wireless pulse converter - AirTM-100S bull ElkoEP},
	url = {https://www.elkoep.com/airtm-100s/},
	note = {Visitado el 2020-07-14},
	year = {2020}
}

@misc{WEBSITE:8,
	author = {{Energy - European Commission}},
	title = {Smart grids and meters - Energy European Commission},
	url = {https:
//ec.europa.eu/energy/en/topics/markets-and-consumers/
smart-grids-and-meters},
	note = {Visitado el 2020-07-14},
	year = {2020}
}

@book{BOOK:2,
	title={Guía Práctica de Sensores},
	author={Antonio Serna Ruíz, Francisco Antonio Ros García, Juan Carlos Rico Noguera},
	isbn={9788492779499},
	url={https://www.casadellibro.com/libro-guia-practica-de-sensores/9788492779499/1799582},
	year={2010},
	publisher={CREACIONES COPYRIGHT}
}

@misc{WEBSITE:9,
	author = {{Semtech}},
	title = {Semtech LoRa Technology Overview | Semtech},
	url = {https://www.semtech.com/lora},
	note = {Visitado el 2020-07-17},
	year = {2018}
}

@book{BOOK:3,
	title={Fundamentos de Sistemas Digitales - 6 Edicion},
	author={Floyd, Thomas L.},
	isbn={8489660212},
	url={https://www.amazon.com/-/es/Thomas-L-Floyd/dp/8489660212},
	year={2000},
	publisher={Prentice Hall}
}

@misc{WEBSITE:10,
	author = {{LoRa Alliance®}},
	title = {About LoRaWAN® | LoRa Alliance®},
	url = {https://lora-alliance.org/about-lorawan},
	note = {Visitado el 2020-07-16},
	year = {2019}
}

@misc{WEBSITE:11,
	author = {{CISCO}},
	title = {¿Qué es la tecnología wifi? Definición y tipos - Cisco},
	url = {https://www.cisco.com/c/es_mx/products/wireless/what-is-wifi.html®},
	note = {Visitado el 2020-07-18},
	year = {2017}
}

@misc{WEBSITE:12,
	author = {{BISinfotech}},
	title = {Top 10 Microcontrollers (MCU) Manufacturers for 2020},
	url = {https://www.bisinfotech.com/top-10-microcontrollers-mcu-manufacturers-2020/},
	note = {Visitado el 2020-07-19},
	year = {2020}
}

@misc{WEBSITE:13,
	author = {{Sigfox}},
	title = {Sigfox - The Global Communications Service Provider for the Internet of Things (IoT)},
	url = {https://www.sigfox.com/en},
	note = {Visitado el 2020-07-19},
	year = {2020}
}

@misc{WEBSITE:19,
	author = {{Espressif Systems}},
	title = {ESP8266 Overview | Espressif Systems</title},
	url = {https://www.espressif.com/en/products/socs/esp8266},
	note = {Visitado el 2020-07-16},
	year = {2019}
}

@misc{WEBSITE:20,
	author = {{everythingRF}},
	title = {Shanghai Based Espressif Systems Ships 100th Million IoT Chip},
	url = {https://www.everythingrf.com/News/details/6242-Shanghai-Based-Espressif-Systems-Ships-100th-Million-IoT-Chip},
	note = {Visitado el 2020-07-16},
	year = {2018}
}





@ARTICLE{ARTICLE:1,
    AUTHOR="John Doe",
    TITLE="Title",
    JOURNAL="Journal",
    YEAR="2017",
}



@INBOOK{BOOK:2,
    AUTHOR="John Doe",
    TITLE="The Book without Title",
    PUBLISHER="Dummy Publisher",
    YEAR="2100",
    PAGES="100-200",
}



@MANUAL{dallas:ds18b20,
    organization  = "Dallas Semiconductor",
    title         = "DS18B20 Programmable Resolution 1-Wire Digital Thermometer",
    number        = "050400",
    year          =  2015,
    note          = "Rev. 3"
}

@book{teton2003,
	title={Gu{\'\i}a t{\'e}cnica de la acuariofilia},
	author={Teton, J.},
	isbn={9788489840249},
	series={Gu{\'\i}as t{\'e}cnicas},
	url={https://books.google.com.ar/books?id=6vrjovWkQicC},
	year={2003},
	publisher={Tursen S.A. - H. Blume}
}

@book{IEEE:citation,
	author={IEEE},
	title={IEEE Citation Reference},
	edition={1},
	url={http://www.ieee.org/documents/ieeecitationref.pdf},
	urldate={2016-9-26},
	publisher={IEEE Publications},
	year={2016}
}

@misc{CIAA,
	author = {{Proyecto CIAA}},
	title = {Computadora Industrial Abierta Argentina},
	url = {http://proyecto-ciaa.com.ar/devwiki/doku.php?id=start},
	note = {Visitado el 2016-06-25},
	year = {2014}
}

@MISC{lpcopen,
   author =	{{NXP Semiconductors}},
   title =	{LPCOPEN v2.16 Drivers, Middleware and Examples},
   url =	{http://www.nxp.com/products/microcontrollers-and-processors/arm-processors/lpc-cortex-m-mcus/software-tools/lpcopen-libraries-and-examples:LPC-OPEN-LIBRARIES},
   note =	{Disponible: 2016-06-25},
 }
 
@MISC{contrib,
	author =	{{Savannah}},
	title =	{lwIP - A Lightweight TCP/IP stack},
	url =	{http://git.savannah.gnu.org/cgit/lwip/lwip-contrib.git},
	note =	{Disponible: 2016-06-25},
 }

@MISC{webserver,
	author =	{{Savannah}},
	title =	{lwIP - Wiki - Sample Web Server},
	url =	{ http://lwip.wikia.com/wiki/Sample_Web_Server},
	note =	{Disponible: 2016-06-25}
 } 
 


@MISC{sensor_pH,
   author =	{dfRobot},
   title =	{PH meter(SKU: SEN0161)},
   url =	{http://www.dfrobot.com/wiki/index.php?title=PH_meter(SKU:_SEN0161)},
   note =	{Disponible: 2016-06-25},
}

@misc{rfc2616,
	series =	{Request for Comments},
	number=		2616,
	howpublished=	{RFC 2616},
	publisher =	{RFC Editor},
	doi =		{10.17487/rfc2616},
	url =		{https://rfc-editor.org/rfc/rfc2616.txt},
	author=		{Jeffrey Mogul and Larry M Masinter and Roy T. Fielding and Jim Gettys and Paul J. Leach and Tim Berners-Lee},
	title=		{{Hypertext Transfer Protocol -- HTTP/1.1}},
	pagetotal =	176,
	year =		2013,
	month =		3,
	day =		2,
	abstract =	{HTTP has been in use by the World-Wide Web global information initiative since 1990. This specification defines the protocol referred to as &quot;HTTP/1.1&quot;, and is an update to RFC 2068. [STANDARDS-TRACK]},
}

@misc{rfc3875,
	series =	{Request for Comments},
	number=		3875,
	howpublished=	{RFC 3875},
	publisher =	{RFC Editor},
	doi =		{10.17487/rfc3875},
	url =		{https://rfc-editor.org/rfc/rfc3875.txt},
	author=		{David Robinson},
	title=		{{The Common Gateway Interface (CGI) Version 1.1}},
	pagetotal =	36,
	year =		2013,
	month =		mar,
	day =		20,
	abstract =	{The Common Gateway Interface (CGI) is a simple interface for running external programs, software or gateways under an information server in a platform-independent manner. Currently, the supported information servers are HTTP servers.},
}

@misc{rfc7540,
	series =	{Request for Comments},
	number=		7540,
	howpublished=	{RFC 7540},
	publisher =	{RFC Editor},
	doi =		{10.17487/rfc7540},
	url =		{https://rfc-editor.org/rfc/rfc7540.txt},
	author=		{Mike Belshe and Roberto Peon and Martin Thomson},
	title=		{{Hypertext Transfer Protocol Version 2 (HTTP/2)}},
	pagetotal =	96,
	year =		2015,
	month =		nov,
	day =		18,
	abstract =	{This specification describes an optimized expression of the semantics of the Hypertext Transfer Protocol (HTTP), referred to as HTTP version 2 (HTTP/2). HTTP/2 enables a more efficient use of network resources and a reduced perception of latency by introducing header field compression and allowing multiple concurrent exchanges on the same connection. It also introduces unsolicited push of representations from servers to clients.},
}